@Article{Billboard100,
    Author = {Matthias Mauch, Robert M. MacCallum, Mark Levy, and Armand M. Leroi},
    Title = {The evolution of popular music: USA 1960â€“2010},
    Publisher = {Pub Med Central Canada},
    Year = {2015}
}
